% Encoding: UTF-8


@Article{Amacher2014,
  Title                    = {Thin ply composites: Experimental characterization and modeling of size-effects},
  Author                   = {R. Amacher and J. Cugnoni and J. Botsis and L. Sorensen and W. Smith and C. Dransfeld},
  Journal                  = {Composites Science and Technology},
  Year                     = {2014},

  Month                    = {sep},
  Pages                    = {121--132},
  Volume                   = {101},

  Doi                      = {10.1016/j.compscitech.2014.06.027},
  Publisher                = {Elsevier {BV}}
}

@Article{Arteiro2014,
  Title                    = {Large damage capability of non-crimp fabric thin-ply laminates},
  Author                   = {A. Arteiro and G. Catalanotti and J. Xavier and P.P. Camanho},
  Journal                  = {Composites Part A: Applied Science and Manufacturing},
  Year                     = {2014},

  Month                    = {aug},
  Pages                    = {110--122},
  Volume                   = {63},

  Doi                      = {10.1016/j.compositesa.2014.04.002},
  Publisher                = {Elsevier {BV}}
}

@Article{Arteiro2013,
  Title                    = {Notched response of non-crimp fabric thin-ply laminates},
  Author                   = {A. Arteiro and G. Catalanotti and J. Xavier and P.P. Camanho},
  Journal                  = {Composites Science and Technology},
  Year                     = {2013},

  Month                    = {apr},
  Pages                    = {97--114},
  Volume                   = {79},

  Doi                      = {10.1016/j.compscitech.2013.02.001},
  Publisher                = {Elsevier {BV}}
}

@Article{Bailey1979,
  Title                    = {On the Transverse Cracking and Longitudinal Splitting Behaviour of Glass and Carbon Fibre Reinforced Epoxy Cross Ply Laminates and the Effect of Poisson and Thermally Generated Strain},
  Author                   = {J. E. Bailey and P. T. Curtis and A. Parvizi},
  Journal                  = {Proceedings of the Royal Society A: Mathematical, Physical and Engineering Sciences},
  Year                     = {1979},

  Month                    = {jul},
  Number                   = {1727},
  Pages                    = {599--623},
  Volume                   = {366},

  Doi                      = {10.1098/rspa.1979.0071},
  Publisher                = {The Royal Society}
}

@Article{Bailey1981,
  Title                    = {On fibre debonding effects and the mechanism of transverse-ply failure in cross-ply laminates of glass fibre/thermoset composites},
  Author                   = {J. E. Bailey and A. Parvizi},
  Journal                  = {Journal of Materials Science},
  Year                     = {1981},

  Month                    = {mar},
  Number                   = {3},
  Pages                    = {649--659},
  Volume                   = {16},

  Doi                      = {10.1007/bf02402782},
  Publisher                = {Springer Nature}
}

@Article{Comninou1977,
  Title                    = {The Interface Crack},
  Author                   = {Maria Comninou},
  Journal                  = {Journal of Applied Mechanics},
  Year                     = {1977},
  Number                   = {4},
  Pages                    = {631},
  Volume                   = {44},

  Doi                      = {10.1115/1.3424148},
  Publisher                = {{ASME} International}
}

@Article{Correa2007,
  Title                    = {Effects of the presence of compression in transverse cyclic loading on fibre{\textendash}matrix debonding in unidirectional composite plies},
  Author                   = {E. Correa and E.K. Gamstedt and F. Par{\'{\i}}s and V. Manti{\v{c}}},
  Journal                  = {Composites Part A: Applied Science and Manufacturing},
  Year                     = {2007},

  Month                    = {nov},
  Number                   = {11},
  Pages                    = {2260--2269},
  Volume                   = {38},

  Doi                      = {10.1016/j.compositesa.2006.11.002},
  Publisher                = {Elsevier {BV}}
}

@Article{Correa2011,
  Title                    = {Effect of thermal residual stresses on matrix failure under transverse tension at micromechanical level: A numerical and experimental analysis},
  Author                   = {E. Correa and V. Manti{\v{c}} and F. Par{\'{\i}}s},
  Journal                  = {Composites Science and Technology},
  Year                     = {2011},

  Month                    = {mar},
  Number                   = {5},
  Pages                    = {622--629},
  Volume                   = {71},

  Doi                      = {10.1016/j.compscitech.2010.12.027},
  Publisher                = {Elsevier {BV}}
}

@Article{Correa2014,
  Title                    = {Effect of a secondary transverse load on the inter-fibre failure under compression},
  Author                   = {E. Correa and F. Par{\'{\i}}s and V. Manti{\v{c}}},
  Journal                  = {Composites Part B: Engineering},
  Year                     = {2014},

  Month                    = {oct},
  Pages                    = {57--68},
  Volume                   = {65},

  Doi                      = {10.1016/j.compositesb.2014.01.005},
  Publisher                = {Elsevier {BV}}
}

@Article{Correa2013,
  Title                    = {Effect of the presence of a secondary transverse load on the inter-fibre failure under tension},
  Author                   = {E. Correa and F. Par{\'{\i}}s and V. Manti{\v{c}}},
  Journal                  = {Engineering Fracture Mechanics},
  Year                     = {2013},

  Month                    = {may},
  Pages                    = {174--189},
  Volume                   = {103},

  Doi                      = {10.1016/j.engfracmech.2013.02.026},
  Publisher                = {Elsevier {BV}}
}

@Article{Cugnoni2018,
  Title                    = {Towards aerospace grade thin-ply composites: Effect of ply thickness, fibre, matrix and interlayer toughening on strength and damage tolerance},
  Author                   = {J. Cugnoni and R. Amacher and S. Kohler and J. Brunner and E. Kramer and C. Dransfeld and W. Smith and K. Scobbie and L. Sorensen and J. Botsis},
  Journal                  = {Composites Science and Technology},
  Year                     = {2018},

  Month                    = {nov},
  Pages                    = {467--477},
  Volume                   = {168},

  Doi                      = {10.1016/j.compscitech.2018.08.037},
  Publisher                = {Elsevier {BV}}
}

@Article{England1971,
  Title                    = {On stress singularities in linear elasticity},
  Author                   = {A.H. England},
  Journal                  = {International Journal of Engineering Science},
  Year                     = {1971},

  Month                    = {jun},
  Number                   = {6},
  Pages                    = {571--585},
  Volume                   = {9},

  Doi                      = {10.1016/0020-7225(71)90039-5},
  Publisher                = {Elsevier {BV}}
}

@Article{England1966,
  Title                    = {An Arc Crack Around a Circular Elastic Inclusion},
  Author                   = {A. H. England},
  Journal                  = {Journal of Applied Mechanics},
  Year                     = {1966},
  Number                   = {3},
  Pages                    = {637},
  Volume                   = {33},

  Doi                      = {10.1115/1.3625132},
  Publisher                = {{ASME} International}
}

@Article{Garcia2015,
  Title                    = {Debonding at the fibre{\textendash}matrix interface under remote transverse tension. One debond or two symmetric debonds?},
  Author                   = {I.G. Garc{\'{\i}}a and V. Manti{\v{c}} and E. Graciani},
  Journal                  = {European Journal of Mechanics - A/Solids},
  Year                     = {2015},

  Month                    = {sep},
  Pages                    = {75--88},
  Volume                   = {53},

  Doi                      = {10.1016/j.euromechsol.2015.02.007},
  Publisher                = {Elsevier {BV}}
}

@Article{Garrett1977,
  Title                    = {Multiple transverse fracture in $90^{\circ}$ cross-ply laminates of a glass fibre-reinforced polyester},
  Author                   = {K. W. Garrett and J. E. Bailey},
  Journal                  = {Journal of Materials Science},
  Year                     = {1977},

  Month                    = {jan},
  Number                   = {1},
  Pages                    = {157--168},
  Volume                   = {12},

  Doi                      = {10.1007/bf00738481},
  Publisher                = {Springer Nature}
}

@Article{Guillamet2014,
  Title                    = {Damage occurrence at edges of non-crimp-fabric thin-ply laminates under off-axis uniaxial loading},
  Author                   = {G. Guillamet and A. Turon and J. Costa and J. Renart and P. Linde and J.A. Mayugo},
  Journal                  = {Composites Science and Technology},
  Year                     = {2014},

  Month                    = {jun},
  Pages                    = {44--50},
  Volume                   = {98},

  Doi                      = {10.1016/j.compscitech.2014.04.014},
  Publisher                = {Elsevier {BV}}
}

@Article{Huang2018,
  Title                    = {Identification of failure modes of composite thin-ply laminates containing circular hole under tension by acoustic emission signals},
  Author                   = {Chunfang Huang and Su Ju and Mingchang He and Qing Zheng and Yonglyu He and Jiayu Xiao and Jiangwei Zhang and Dazhi Jiang},
  Journal                  = {Composite Structures},
  Year                     = {2018},

  Month                    = {dec},
  Pages                    = {70--79},
  Volume                   = {206},

  Doi                      = {10.1016/j.compstruct.2018.08.019},
  Publisher                = {Elsevier {BV}}
}

@Article{Kawabe2008,
  Title                    = {New Spreading Technology for Carbon Fiber Tow and Its Application to Composite Materials},
  Author                   = {Kazumasa Kawabe},
  Journal                  = {Sen'i Gakkaishi},
  Year                     = {2008},
  Number                   = {8},
  Pages                    = {262--267},
  Volume                   = {64},

  Doi                      = {10.2115/fiber.64.p_262},
  Language                 = {Japanese},
  Publisher                = {Society of Fiber Science and Technology Japan}
}

@Article{Kawabe2008en,
  Title                    = {New Carbon Fiber Tow-Spread Technology and Applications to Advanced Composite Materials},
  Author                   = {K. Kawabe and H. Sasayama and S. Tomoda},
  Journal                  = {{SAMPE} Journal},
  Year                     = {2008},
  Number                   = {2},
  Pages                    = {6--17},
  Volume                   = {45},

  Publisher                = {Society for the Advancement of Material and Process Engineering (SAMPE)}
}

@InProceedings{Kawabe1997,
  Title                    = {A Pneumatic Process for Spreading Reinforcing Fiber Tow},
  Author                   = {K. Kawabe and S. Tomoda and T. Matsuo},
  Booktitle                = {Proceedings of the $42^{nd}$ International SAMPE Symposium and Exhibition},
  Pages                    = {65--76},
  Publisher                = {SAMPE},

  Date                     = {1997},
  Venue                    = {Anaheim, CA, USA}
}

@Article{Kim2017,
  Title                    = {Effects of Shallow Biangle, Thin-Ply Laminates on Structural Performance of Composite Wings},
  Author                   = {Yong Han Noel Kim and Seunghyun Ko and Wei-Siang Lay and Jingmeng Tian and Paochen Chang and Seiji Umeda Thielk and Hyung-Joon Bang and Jinkyu Yang},
  Journal                  = {{AIAA} Journal},
  Year                     = {2017},

  Month                    = {jun},
  Number                   = {6},
  Pages                    = {2086--2092},
  Volume                   = {55},

  Doi                      = {10.2514/1.j055465},
  Publisher                = {American Institute of Aeronautics and Astronautics ({AIAA})}
}

@Article{Kopp2017,
  Title                    = {The Aurora space launcher concept},
  Author                   = {Alexander Kopp and Sven Stappert and David Mattsson and Kurt Olofsson and Erik Marklund and Guido Kurth and Erwin Mooij and Evelyne Roorda},
  Journal                  = {{CEAS} Space Journal},
  Year                     = {2017},

  Month                    = {nov},
  Number                   = {2},
  Pages                    = {167--187},
  Volume                   = {10},

  Doi                      = {10.1007/s12567-017-0184-2},
  Publisher                = {Springer Nature}
}

@Article{Krueger2004,
  Title                    = {Virtual crack closure technique: History, approach, and applications},
  Author                   = {Ronald Krueger},
  Journal                  = {Applied Mechanics Reviews},
  Year                     = {2004},
  Number                   = {2},
  Pages                    = {109},
  Volume                   = {57},

  Doi                      = {10.1115/1.1595677},
  Publisher                = {{ASME} International}
}

@InBook{McCarville2018,
  Title                    = {3.5 Design, Manufacture and Test of Cryotank Components},
  Author                   = {Douglas A. McCarville and Juan C. Guzman and Alexandra K. Dillon and Justin R. Jackson and Jordan O. Birkland},
  Pages                    = {153--179},
  Publisher                = {Elsevier},
  Year                     = {2018},

  Booktitle                = {Comprehensive Composite Materials {II}},
  Doi                      = {10.1016/b978-0-12-803581-8.09958-6}
}

@Article{Moon2011,
  Title                    = {Improvement of tensile properties of {CFRP} composites under {LEO} space environment by applying {MWNTs} and thin-ply},
  Author                   = {Jin-Bum Moon and Myung-Gon Kim and Chun-Gon Kim and Shantanu Bhowmik},
  Journal                  = {Composites Part A: Applied Science and Manufacturing},
  Year                     = {2011},

  Month                    = {jun},
  Number                   = {6},
  Pages                    = {694--701},
  Volume                   = {42},

  Doi                      = {10.1016/j.compositesa.2011.02.011},
  Publisher                = {Elsevier {BV}}
}

@Article{Paris1996,
  Title                    = {The fiber-matrix interface crack {\textemdash} A numerical analysis using Boundary Elements},
  Author                   = {F. Par{\'{\i}}s and J. C. Ca{\~{n}}o and J. Varna},
  Journal                  = {International Journal of Fracture},
  Year                     = {1996},

  Month                    = {may},
  Number                   = {1},
  Pages                    = {11--29},
  Volume                   = {82},

  Doi                      = {10.1007/bf00017861},
  Publisher                = {Springer Nature America, Inc}
}

@Article{Paris2007,
  Title                    = {Kinking of Transversal Interface Cracks Between Fiber and Matrix},
  Author                   = {Federico Par{\'{\i}}s and Elena Correa and Vladislav Manti{\v{c}}},
  Journal                  = {Journal of Applied Mechanics},
  Year                     = {2007},
  Number                   = {4},
  Pages                    = {703},
  Volume                   = {74},

  Doi                      = {10.1115/1.2711220},
  Publisher                = {{ASME} International}
}

@Article{Pars2018,
  Title                    = {Micromechanical study on the influence of scale effect in the first stage of damage in composites},
  Author                   = {Federico Par{\'{\i}}s and Mar{\'{\i}}a Luisa Velasco and Elena Correa},
  Journal                  = {Composites Science and Technology},
  Year                     = {2018},

  Month                    = {may},
  Pages                    = {1--8},
  Volume                   = {160},

  Doi                      = {10.1016/j.compscitech.2018.03.004},
  Publisher                = {Elsevier {BV}}
}

@Article{Parvizi1978a,
  Title                    = {On multiple transverse cracking in glass fibre epoxy cross-ply laminates},
  Author                   = {A. Parvizi and J. E. Bailey},
  Journal                  = {Journal of Materials Science},
  Year                     = {1978},

  Month                    = {oct},
  Number                   = {10},
  Pages                    = {2131--2136},
  Volume                   = {13},

  Doi                      = {10.1007/bf00541666},
  Publisher                = {Springer Nature America, Inc}
}

@Article{Parvizi1978b,
  Title                    = {Constrained cracking in glass fibre-reinforced epoxy cross-ply laminates},
  Author                   = {A. Parvizi and K. W. Garrett and J. E. Bailey},
  Journal                  = {Journal of Materials Science},
  Year                     = {1978},

  Month                    = {jan},
  Number                   = {1},
  Pages                    = {195--201},
  Volume                   = {13},

  Doi                      = {10.1007/bf00739291},
  Publisher                = {Springer Nature}
}

@Article{Perlman1967,
  Title                    = {Elastostatic problems of curvilinear cracks in bonded dissimilar materials},
  Author                   = {A.B. Perlman and G.C. Sih},
  Journal                  = {International Journal of Engineering Science},
  Year                     = {1967},

  Month                    = {nov},
  Number                   = {11},
  Pages                    = {845--867},
  Volume                   = {5},

  Doi                      = {10.1016/0020-7225(67)90009-2},
  Publisher                = {Elsevier {BV}}
}

@Article{Rice1968,
  Title                    = {A Path Independent Integral and the Approximate Analysis of Strain Concentration by Notches and Cracks},
  Author                   = {J. R. Rice},
  Journal                  = {Journal of Applied Mechanics},
  Year                     = {1968},
  Number                   = {2},
  Pages                    = {379},
  Volume                   = {35},

  Doi                      = {10.1115/1.3601206},
  Publisher                = {{ASME} International}
}

@Article{Saito2012,
  Title                    = {Experimental Evaluation of the Damage Growth Restraining in 90° Layer of Thin-ply CFRP Cross-ply Laminates},
  Author                   = { Hiroshi Saito and Hiroki Takeuchi and Isao Kimpara },
  Journal                  = {Advanced Composite Materials},
  Year                     = {2012},
  Number                   = {1},
  Pages                    = {57-66},
  Volume                   = {21},

  Doi                      = {10.1163/156855112X629522},
  Publisher                = {Taylor \& Francis}
}

@Article{Sandino2016,
  Title                    = {Numerical analysis of the influence of a nearby fibre on the interface crack growth in composites under transverse tensile load},
  Author                   = {C. Sandino and E. Correa and F. Par{\'{\i}}s},
  Journal                  = {Engineering Fracture Mechanics},
  Year                     = {2016},

  Month                    = {dec},
  Pages                    = {58--75},
  Volume                   = {168},

  Doi                      = {10.1016/j.engfracmech.2016.01.022},
  Publisher                = {Elsevier {BV}}
}

@InProceedings{Sandino2018,
  Title                    = {Interface crack growth under transverse compression: nearby fibre effect},
  Author                   = {C. Sandino and E. Correa and F. Par{\'{i}}s},
  Booktitle                = {Proceeding of the $18^{th}$ European Conference on Composite Materials (ECCM-18)},
  Year                     = {2018},

  Eventdate                = {2018-06-24/2018-06-28},
  Venue                    = {Athens, Greece}
}

@InProceedings{Sandino2016b,
  Title                    = {Composite materials under transverse biaxial loads: Study of the influence of a nearby fibre on the interface crack growth under tension},
  Author                   = {C. Sandino and E. Correa and F. Par{\'{i}}s},
  Booktitle                = {Proceeding of the $17^{th}$ European Conference on Composite Materials (ECCM-17)},
  Year                     = {2016},

  Eventdate                = {2016-06-26/2016-06-30},
  Venue                    = {Munich, Germany}
}

@InProceedings{Sasayama2003,
  Title                    = {Effect of lamina thickness on first ply failure in multidirectionally laminated composites},
  Author                   = {H. Sasayama and K. Kawabe and S. Tomoda and I. Ohsawa and K. Kageyama and N. Ogata},
  Booktitle                = {Proceedings of the $8^{th}$ Japan SAMPE Symposium},
  Year                     = {2003},
  Publisher                = {SAMPE},

  Venue                    = {Tokyo, Japan}
}

@Article{Sihn2007,
  Title                    = {Experimental studies of thin-ply laminated composites},
  Author                   = {S. Sihn and R. Kim and K. Kawabe and S. Tsai},
  Journal                  = {Composites Science and Technology},
  Year                     = {2007},

  Month                    = {may},
  Number                   = {6},
  Pages                    = {996--1008},
  Volume                   = {67},

  Doi                      = {10.1016/j.compscitech.2006.06.008},
  Publisher                = {Elsevier {BV}}
}

@Article{Toya1974,
  Title                    = {A crack along the interface of a circular inclusion embedded in an infinite solid},
  Author                   = {M. Toya},
  Journal                  = {Journal of the Mechanics and Physics of Solids},
  Year                     = {1974},

  Month                    = {oct},
  Number                   = {5},
  Pages                    = {325--348},
  Volume                   = {22},

  Doi                      = {10.1016/0022-5096(74)90002-7},
  Publisher                = {Elsevier {BV}}
}

@InProceedings{Tsai2005,
  Title                    = {Thin Ply Composites},
  Author                   = {S.W. Tsai and S. Sihn and R.Y. Kim},
  Booktitle                = {Proceedings of $46^{th}$ AIAA/ASME/AHS/ASC Structures, Structural Dynamics \& Materials Conference},
  Year                     = {2005},

  Eventdate                = {2005-04-18/2005-04-21},
  Venue                    = {Austin, TX, USA}
}

@Article{Varna1997b,
  Title                    = {Transverse single-fibre test for interfacial debonding in composites: 2. Modelling},
  Author                   = {J. Varna and L.A. Berglund and M.L. Ericson},
  Journal                  = {Composites Part A: Applied Science and Manufacturing},
  Year                     = {1997},

  Month                    = {jan},
  Number                   = {4},
  Pages                    = {317--326},
  Volume                   = {28},

  Doi                      = {10.1016/s1359-835x(96)00125-x},
  Publisher                = {Elsevier {BV}}
}

@Article{Varna1997a,
  Title                    = {The effect of crack-face contact on fiber/matrix debonding in transverse tensile loading},
  Author                   = {J. Varna and Federico Par{\'{\i}}s and J. C.Ca{\~{n}}o},
  Journal                  = {Composites Science and Technology},
  Year                     = {1997},
  Number                   = {5},
  Pages                    = {523--532},
  Volume                   = {57},

  Doi                      = {10.1016/s0266-3538(96)00175-3},
  Publisher                = {Elsevier {BV}}
}

@Article{Varna2017,
  Title                    = {Growth and Interaction of Debonds in Local Clusters of Fibers in Unidirectional Composites during Transverse Loading},
  Author                   = {Janis Varna and Lin Qi Zhuang and Andrejs Pupurs and Zoubir Ayadi},
  Journal                  = {Key Engineering Materials},
  Year                     = {2017},

  Month                    = {sep},
  Pages                    = {63--66},
  Volume                   = {754},

  Doi                      = {10.4028/www.scientific.net/kem.754.63},
  Publisher                = {Trans Tech Publications}
}

@Article{Velasco2018,
  Title                    = {{BEM} multiscale modelling involving micromechanical damage in fibrous composites},
  Author                   = {M.L. Velasco and E. Graciani and L. T{\'{a}}vara and E. Correa and F. Par{\'{\i}}s},
  Journal                  = {Engineering Analysis with Boundary Elements},
  Year                     = {2018},

  Month                    = {aug},
  Pages                    = {1--9},
  Volume                   = {93},

  Doi                      = {10.1016/j.enganabound.2018.03.012},
  Publisher                = {Elsevier {BV}}
}

@InProceedings{Yamaguchi2005,
  Title                    = {The improved ply cracking resistance of thin-ply laminates},
  Author                   = {K. Yamaguchi and H.T. Hahn},
  Booktitle                = {Proceedings of the $15^{th}$ International Conference on Composite Materials (ICCM-15)},
  Year                     = {2005},
  Publisher                = {SAMPE},

  Eventdate                = {2005-06-27/2005-07-02},
  Venue                    = {Tokyo, Japan}
}

@Article{Yokozeki2008,
  Title                    = {Experimental characterization of strength and damage resistance properties of thin-ply carbon fiber/toughened epoxy laminates},
  Author                   = {Tomohiro Yokozeki and Yuichiro Aoki and Toshio Ogasawara},
  Journal                  = {Composite Structures},
  Year                     = {2008},

  Month                    = {feb},
  Number                   = {3},
  Pages                    = {382--389},
  Volume                   = {82},

  Doi                      = {10.1016/j.compstruct.2007.01.015},
  Publisher                = {Elsevier {BV}}
}

@Article{Yokozeki2010,
  Title                    = {Damage characterization in thin-ply composite laminates under out-of-plane transverse loadings},
  Author                   = {Tomohiro Yokozeki and Akiko Kuroda and Akinori Yoshimura and Toshio Ogasawara and Takahira Aoki},
  Journal                  = {Composite Structures},
  Year                     = {2010},

  Month                    = {dec},
  Number                   = {1},
  Pages                    = {49--57},
  Volume                   = {93},

  Doi                      = {10.1016/j.compstruct.2010.06.016},
  Publisher                = {Elsevier {BV}}
}

@Article{Zhang1997,
  Title                    = {Transverse single-fibre test for interfacial debonding in composites: 1. Experimental observations},
  Author                   = {H. Zhang and M.L. Ericson and J. Varna and L.A. Berglund},
  Journal                  = {Composites Part A: Applied Science and Manufacturing},
  Year                     = {1997},

  Month                    = {jan},
  Number                   = {4},
  Pages                    = {309--315},
  Volume                   = {28},

  Doi                      = {10.1016/s1359-835x(96)00123-6},
  Publisher                = {Elsevier {BV}}
}

@Article{Zhuang2018,
  Title                    = {Effects of inter-fiber spacing on fiber-matrix debond crack growth in unidirectional composites under transverse loading},
  Author                   = {Linqi Zhuang and Andrejs Pupurs and Janis Varna and Ramesh Talreja and Zoubir Ayadi},
  Journal                  = {Composites Part A: Applied Science and Manufacturing},
  Year                     = {2018},

  Month                    = {jun},
  Pages                    = {463--471},
  Volume                   = {109},

  Doi                      = {10.1016/j.compositesa.2018.03.031},
  Publisher                = {Elsevier {BV}}
}

@Manual{abq12,
  Title                    = {ABAQUS/Standard User's Manual, Version 6.12},

  Address                  = {Providence, RI, USA},
  Organization             = {Simulia},
  Year                     = {2012}
}

@Article{Zhuang2018a,
  author    = {Linqi Zhuang and Ramesh Talreja and Janis Varna},
  title     = {Transverse crack formation in unidirectional composites by linking of fibre/matrix debond cracks},
  journal   = {Composites Part A: Applied Science and Manufacturing},
  year      = {2018},
  volume    = {107},
  pages     = {294--303},
  month     = {apr},
  doi       = {10.1016/j.compositesa.2018.01.013},
  publisher = {Elsevier {BV}},
}

@article{DiStasio2019,
  doi = {10.1016/j.tafmec.2019.102251},
  year  = {2019},
  month = {jun},
  publisher = {Elsevier {BV}},
  pages = {102251},
  author = {Luca {Di Stasio} and Janis Varna and Zoubir Ayadi},
  title = {Energy release rate of the fiber/matrix interface crack in {UD} composites under transverse loading: effect of the fiber volume fraction and of the distance to the free surface and to non-adjacent debonds},
  journal = {Theoretical and Applied Fracture Mechanics}
}

@article{Correa2018,
  doi = {10.1016/j.compscitech.2017.12.009},
  year = {2018},
  month = feb,
  publisher = {Elsevier {BV}},
  volume = {155},
  pages = {213--220},
  author = {Elena Correa and Mar{\'{\i}}a Inmaculada Valverde and Mar{\'{\i}}a Luisa Velasco and Federico Par{\'{\i}}s},
  title = {Microscopical observations of inter-fibre failure under tension},
  journal = {Composites Science and Technology}
}

@article{Garrido1991,
  doi = {10.1016/0895-7177(91)90060-k},
  year = {1991},
  publisher = {Elsevier {BV}},
  volume = {15},
  number = {3-5},
  pages = {143--153},
  author = {J.A. Garrido and A. Foces and F. Paris},
  title = {B.E.M. applied to receding contact problems with friction},
  journal = {Mathematical and Computer Modelling}
}

@article{Keer1972,
  doi = {10.1115/1.3422839},
  year = {1972},
  publisher = {{ASME} International},
  volume = {39},
  number = {4},
  pages = {1115},
  author = {L. M. Keer and J. Dundurs and K. C. Tsai},
  title = {Problems Involving a Receding Contact Between a Layer and a Half Space},
  journal = {Journal of Applied Mechanics}
}

@article{Tsai1974,
  doi = {10.1115/1.3423375},
  year = {1974},
  publisher = {{ASME} International},
  volume = {41},
  number = {3},
  pages = {703},
  author = {K. C. Tsai and J. Dundurs and L. M. Keer},
  title = {Elastic Layer Pressed Against a Half Space},
  journal = {Journal of Applied Mechanics}
}

@incollection{Hutchinson1991,
  doi = {10.1016/s0065-2156(08)70164-9},
  year = {1991},
  publisher = {Elsevier},
  pages = {63--191},
  author = {J.W. Hutchinson and Z. Suo},
  title = {Mixed Mode Cracking in Layered Materials},
  booktitle = {Advances in Applied Mechanics}
}

@article{Mantic2009,
  doi = {10.1016/j.ijsolstr.2008.10.036},
  year  = {2009},
  month = {March},
  publisher = {Elsevier {BV}},
  volume = {46},
  number = {6},
  pages = {1287--1304},
  author = {V. Manti{\v{c}}},
  title = {Interface crack onset at a circular cylindrical inclusion under a remote transverse tension. Application of a coupled stress and energy criterion},
  journal = {International Journal of Solids and Structures}
}